Order Item Id,Type,Benefit per order,Sales per customer,Order Item Discount Rate,Order Item Profit Ratio,Order Item Quantity,Sales,Order Item Total,Order Profit Per Order,Product Price,order date (DateOrders)
MC179213,CASH,132.6699982,288.4200134,0.119999997,0.460000008,1,1020495.51,898036.0905,413086.6132,1020495.51,1/12/2024
TK101052,TRANSFER,79.16000366,272.9700012,0.090000004,0.289999992,3,933998.5945,849930.3145,246475.7538,311332.8569,8/14/2022
TK121217,TRANSFER,46.29000092,94.45999908,0.059999999,0.49000001,4,311239.4515,294114.4315,144130.3985,77809.86288,12/8/2022
TK121561,DEBIT,22.5,225,0.100000001,0.100000001,5,778410,700569,70056.9,155682,12/10/2022
MC133575,TRANSFER,11.88000011,95,0.050000001,0.129999995,2,311364,295795.8,36990.04354,155682,2/19/2023
CR179190,PAYMENT,131.6900024,268.7600098,0.180000007,0.49000001,1,1020495.51,836821.9169,410035.2591,1020495.51,1/12/2024
MC179143,DEBIT,20.87999916,298.25,0.090000004,0.07,1,1020495.51,928643.13,65012.80058,1020495.51,1/11/2024
CR179139,CASH,78,278.5899963,0.150000006,0.280000001,1,1020495.51,867428.9561,242863.92,1020495.51,1/11/2024
CR179131,TRANSFER,28.27000046,321.2000122,0.02,0.090000004,1,1020495.51,1000101.206,88022.60423,1020495.51,1/11/2024
MC179128,PAYMENT,116.7600021,311.3599854,0.050000001,0.379999995,1,1020495.51,969462.9049,363548.6129,1020495.51,1/11/2024
CR145886,TRANSFER,-89.98999786,224.9600067,0.25,-0.400000006,5,933936.356,700444.4753,-280196.4569,186787.2688,5/1/2023
TK124607,TRANSFER,-46.0699997,230.3600006,0.039999999,-0.200000003,4,747149.0753,717258.1123,-143445.3939,186787.2688,12/28/2022
TK73253,DEBIT,40.22000122,118.2900009,0.090000004,0.340000004,1,404742.0807,368312.4784,125230.6046,404742.0807,3/3/2022
TK54942,DEBIT,38.61000061,116.9899979,0.100000001,0.330000013,1,404742.0807,364264.7371,120217.6423,404742.0807,11/17/2021
TK104041,DEBIT,-171.5899963,114.3899994,0.119999997,-1.5,1,404742.0807,356169.2777,-534269.4761,404742.0807,8/31/2022
CR43614,DEBIT,49.15000153,434.9599915,0.129999995,0.109999999,5,1556664.356,1354308.828,153035.4108,311332.8569,9/12/2021
MC170721,DEBIT,145.1900024,399.9599915,0.200000003,0.360000014,5,1556664.356,1245331.428,452069.3991,311332.8569,9/23/2023
TK48340,DEBIT,-14.39999962,287.9500122,0.039999999,-0.050000001,5,933936.356,896572.676,-44836.41482,186787.2688,10/10/2021
TK60332,TRANSFER,25.80999947,82.45999908,0.25,0.310000002,2,342313.5891,256750.7515,80363.04675,171156.7946,12/19/2021
TK60332,TRANSFER,10.51000023,33.58000183,0.159999996,0.310000002,2,124483.3258,104556.0369,32724.35712,62241.66288,12/19/2021
TK77528,TRANSFER,42.63000107,87,0.129999995,0.49000001,2,311364,270886.68,132734.4765,155682,3/28/2022
MC179079,DEBIT,118.9700012,327.75,0,0.360000014,1,1020495.51,1020495.51,370429.7545,1020495.51,1/10/2024
MC179072,PAYMENT,-502.9299927,304.8099976,0.07,-1.649999976,1,1020495.51,949068.6009,-1565942.942,1020495.51,1/10/2024
MC176534,DEBIT,93.15000153,321.2000122,0.02,0.289999992,1,1020495.51,1000101.206,290035.5708,1020495.51,12/4/2023
CR176485,PAYMENT,33.59000015,268.7600098,0.180000007,0.129999995,1,1020495.51,836821.9169,104587.1681,1020495.51,12/4/2023
CR176478,CASH,84.94999695,314.6400146,0.039999999,0.270000011,1,1020495.51,979675.7351,264503.7085,1020495.51,12/3/2023
TK48587,TRANSFER,-28.69000053,176,0.119999997,-0.159999996,4,622728,548000.64,-89330.33325,155682,10/11/2021
MC33072,TRANSFER,43.5,174,0.129999995,0.25,4,622728,541773.36,135443.34,155682,7/12/2021
TK124607,TRANSFER,33.27000046,127.9700012,0.200000003,0.25999999,4,498057.8753,398452.5145,103590.8042,124514.4688,12/28/2022
MC37625,TRANSFER,63.75,170,0.150000006,0.379999995,4,622728,529318.8,198494.55,155682,8/8/2021
CR160004,TRANSFER,58.5,150,0.25,0.389999986,4,622728,467046,182147.94,155682,7/23/2023
TK108765,TRANSFER,55.79000092,223.1600037,0.07,0.25,4,747149.0753,694839.9139,173709.9785,186787.2688,9/27/2022
TK108765,TRANSFER,19.36000061,176,0.119999997,0.109999999,4,622728,548000.64,60280.0723,155682,9/27/2022
TK48326,TRANSFER,9,150,0.25,0.059999999,4,622728,467046,28022.76,155682,10/10/2021
MC43489,DEBIT,56.70000076,210,0.159999996,0.270000011,5,778410,653864.4,176543.3904,155682,9/11/2021
TK47568,DEBIT,102.5,205,0.180000007,0.5,5,778410,638296.2,319148.1,155682,10/5/2021
MC162921,DEBIT,80.33999634,163.9600067,0.180000007,0.49000001,5,622572.3083,510512.4353,250149.8262,124514.4688,8/9/2023
MC155727,DEBIT,6.150000095,205,0.180000007,0.029999999,5,778410,638296.2,19148.8863,155682,6/28/2023
TK47568,DEBIT,96,200,0.200000003,0.479999989,5,778410,622728,298909.44,155682,10/5/2021
TK117704,DEBIT,58.15999985,118.6999969,0.050000001,0.49000001,5,389049.3083,369589.0583,181089.3019,77809.86288,11/18/2022
TK62544,DEBIT,37.34999847,110.4899979,0.150000006,0.340000004,1,404742.0807,344026.0771,116294.4492,404742.0807,12/31/2021
TK58068,DEBIT,-71.09999847,106.5899963,0.180000007,-0.670000017,1,404742.0807,331882.8761,-221379.7992,404742.0807,12/5/2021
CR178084,DEBIT,174.0700073,378.4100037,0.180000007,0.460000008,1,1436882.621,1178232.524,541991.3375,1436882.621,12/27/2023
MC178281,DEBIT,36.91999817,369.1799927,0.200000003,0.100000001,1,1436882.621,1149493.592,114955.5831,1436882.621,12/30/2023
TK104041,DEBIT,-7.329999924,44.99000168,0.25,-0.159999996,1,186787.2688,140082.6688,-22822.98096,186787.2688,8/31/2022
TK69828,DEBIT,-122.5,49,0.02,-2.5,1,155682,152568.36,-381420.9,155682,2/12/2022
MC175136,DEBIT,144.6499939,516.5999756,0.029999999,0.280000001,1,1658262.444,1608506.348,450388.007,1658262.444,11/14/2023
TK73060,TRANSFER,39.84000015,83,0.170000002,0.479999989,2,311364,258432.12,124047.4181,155682,3/2/2022
TK109829,TRANSFER,16.12999916,57.59999847,0.039999999,0.280000001,2,186818.4,179345.6592,50223.01058,93409.2,10/3/2022
TK72527,TRANSFER,11.47999954,40.97999954,0.180000007,0.280000001,2,155619.7258,127596.9658,35744.58577,77809.86288,2/28/2022
TK93518,TRANSFER,-11.80000019,104.3799973,0.129999995,-0.109999999,2,373574.5378,325001.7348,-36740.95259,186787.2688,6/30/2022
TK114948,TRANSFER,39.36000061,82,0.180000007,0.479999989,2,311364,255318.48,122552.8723,155682,11/2/2022
TK114695,TRANSFER,9.289999962,105.5800018,0.119999997,0.090000004,2,373574.5378,328738.1168,28925.71548,186787.2688,10/31/2022
TK126499,TRANSFER,38.24000168,152.9700012,0.150000006,0.25,3,560361.7945,476293.5145,119065.5988,186787.2688,1/8/2023
TK126499,TRANSFER,-110.8099976,151.1699982,0.159999996,-0.730000019,3,560361.7945,470688.9532,-345022.4409,186787.2688,1/8/2023
TK45545,TRANSFER,-134.9199982,161.9700012,0.100000001,-0.829999983,3,560361.7945,504316.2745,-420092.3032,186787.2688,9/23/2021
CR28992,TRANSFER,-36.41999817,170.9700012,0.050000001,-0.209999993,3,560361.7945,532339.0345,-113398.7631,186787.2688,6/19/2021
CR155782,TRANSFER,24.29999924,161.9700012,0.100000001,0.150000006,3,560361.7945,504316.2745,75661.44963,186787.2688,6/28/2023
MC176406,PAYMENT,122.7099991,314.6400146,0.039999999,0.389999986,1,1020495.51,979675.7351,382074.7616,1020495.51,12/2/2023
TK113005,DEBIT,11.02000046,35.20000076,0.200000003,0.310000002,2,137000.16,109600.1304,34312.31423,68500.08,10/22/2022
TK90607,TRANSFER,36.08000183,88,0,0.409999996,4,274000.32,274000.32,112340.1369,68500.08,6/13/2022
TK74532,DEBIT,-1.389999986,22,0,-0.059999999,1,68500.08,68500.08,-4327.959556,68500.08,3/10/2022
TK71782,PAYMENT,5.679999828,42.68000031,0.029999999,0.129999995,2,137000.16,132890.1562,17685.47466,68500.08,2/23/2022
CR15760,TRANSFER,-15.48999977,77.44000244,0.119999997,-0.200000003,4,274000.32,241120.2892,-48230.28288,68500.08,4/2/2021
CR9682,DEBIT,-12.19999981,36.08000183,0.180000007,-0.340000004,2,137000.16,112340.1369,-37986.40741,68500.08,2/26/2021
MC6780,DEBIT,-0.25,19.36000061,0.119999997,-0.01,1,68500.08,60280.0723,-778.41,68500.08,2/9/2021
CR142021,TRANSFER,7.900000095,21.75,0.129999995,0.360000014,1,77841,67721.67,24597.7563,77841,4/8/2023
TK125913,PAYMENT,46.31000137,118.75,0.050000001,0.389999986,5,389205,369744.75,144192.6727,77841,1/5/2023
TK120828,TRANSFER,10.80000019,22.5,0.100000001,0.479999989,1,77841,70056.9,33627.31259,77841,12/6/2022
TK69828,DEBIT,138.2299957,287.980011,0.039999999,0.479999989,1,934029.7615,896666.0815,430398.4438,934029.7615,2/12/2022
TK58734,DEBIT,125.5699997,272.980011,0.090000004,0.460000008,1,934029.7615,849961.4815,390979.7739,934029.7615,12/9/2021
TK58734,DEBIT,37.25999832,269.980011,0.100000001,0.140000001,1,934029.7615,840620.5615,116014.2212,934029.7615,12/9/2021
TK125075,DEBIT,16.20000076,269.980011,0.100000001,0.059999999,1,934029.7615,840620.5615,50440.97037,934029.7615,12/31/2022
TK125075,DEBIT,129.3500061,263.980011,0.119999997,0.49000001,1,934029.7615,821938.7215,402749.353,934029.7615,12/31/2022
TK54942,DEBIT,104.3899994,347.980011,0.129999995,0.300000012,1,1245393.761,1083484.481,325032.8777,1245393.761,11/17/2021
TK73253,DEBIT,62.25,248.9799957,0.170000002,0.25,1,934029.7615,775234.0738,193824.09,934029.7615,3/3/2022
TK62544,DEBIT,136.1100006,331.980011,0.170000002,0.409999996,1,1245393.761,1033666.241,423797.5423,1245393.761,12/31/2021
TK53411,DEBIT,162.6699982,331.980011,0.170000002,0.49000001,1,1245393.761,1033666.241,506495.8132,1245393.761,11/8/2021
MC174982,DEBIT,65.66999817,139.7200012,0.150000006,0.469999999,1,511820.1585,435037.7845,204472.7331,511820.1585,11/12/2023
TK53107,DEBIT,-93.29000092,391.980011,0.02,-0.239999995,1,1245393.761,1220484.641,-290471.4785,1245393.761,11/6/2021
TK72158,DEBIT,-3.390000105,260.980011,0.129999995,-0.01,1,934029.7615,812597.8015,-10555.23993,934029.7615,2/25/2022
TK53107,DEBIT,125.9899979,251.9799957,0.159999996,0.5,1,934029.7615,784574.9938,392287.4971,934029.7615,11/6/2021
CR176898,DEBIT,18.88999939,39.34999847,0.01,0.479999989,1,123767.19,122521.7292,58816.6577,123767.19,12/10/2023
CR174954,DEBIT,37.86999893,157.8000031,0.039999999,0.239999995,1,511820.1585,491332.4017,117913.5435,511820.1585,11/11/2023
CR157833,DEBIT,73.58000183,159.9600067,0.200000003,0.460000008,5,622572.3083,498057.8753,229101.6369,124514.4688,7/10/2023
MC1160,DEBIT,172.4100037,474.9500122,0.050000001,0.360000014,5,1556664.356,1478823.356,536822.6839,311332.8569,1/7/2021
MC133494,DEBIT,64.37999725,139.9600067,0.200000003,0.460000008,5,544731.3083,435785.0753,200456.1346,108946.2688,2/18/2023
MC1160,DEBIT,146.9799957,293.9500122,0.02,0.5,5,933936.356,915254.516,457642.7938,186787.2688,1/7/2021
MC4332,DEBIT,24.54999924,278.9500122,0.07,0.090000004,5,933936.356,868549.916,76439.85963,186787.2688,1/26/2021
CR152108,DEBIT,94.48000336,269.9599915,0.100000001,0.349999994,5,933936.356,840558.2279,294176.7177,186787.2688,6/6/2023
CR25195,DEBIT,82.86000061,254.9600067,0.150000006,0.330000013,5,933936.356,793853.6753,257996.2123,186787.2688,5/28/2021
CR135802,DEBIT,-188.6499939,245.9600067,0.180000007,-0.769999981,5,933936.356,765830.9153,-587388.167,186787.2688,3/3/2023
MC11526,DEBIT,118.0599976,245.9600067,0.180000007,0.479999989,5,933936.356,765830.9153,367596.3309,186787.2688,3/9/2021
MC147289,DEBIT,83.12999725,245.9600067,0.180000007,0.340000004,5,933936.356,765830.9153,258836.8846,186787.2688,5/8/2023
MC3341,DEBIT,-3.470000029,247.5,0.01,-0.01,5,778410,770625.9,-10804.33089,155682,1/20/2021
MC3341,DEBIT,24.5,245,0.02,0.100000001,5,778410,762841.8,76284.18,155682,1/20/2021
CR15812,DEBIT,72,240,0.039999999,0.300000012,5,778410,747273.6,224182.08,155682,4/3/2021
CR132754,DEBIT,61.75,237.5,0.050000001,0.25999999,5,778410,739489.5,192267.27,155682,2/14/2023
MC150263,DEBIT,-40.25,188.9499969,0.059999999,-0.209999993,5,622572.3083,588322.2683,-125324.01,124514.4688,5/26/2023
MC8498,DEBIT,109.1999969,227.5,0.090000004,0.479999989,5,778410,708353.1,340009.4783,155682,2/19/2021
CR25195,DEBIT,63.45000076,135,0.100000001,0.469999999,5,467046,420341.4,197560.4604,93409.2,5/28/2021
CR22035,DEBIT,20.98999977,167.9600067,0.159999996,0.129999995,5,622572.3083,522966.9953,65355.30288,124514.4688,5/9/2021
CR18112,DEBIT,23.17000008,205,0.180000007,0.109999999,5,778410,638296.2,72143.03905,155682,4/16/2021
CR152108,DEBIT,161.9799957,449.9500122,0,0.360000014,5,1400982.356,1400982.356,504347.3938,280196.4569,6/6/2023
MC2751,DEBIT,122.2799988,254.75,0.02,0.479999989,5,809390.756,793199.79,380735.8955,161878.1488,1/17/2021
TK130130,DEBIT,18.89999962,299.9500122,0,0.059999999,5,933936.356,933936.356,58847.79482,186787.2688,1/30/2023
CR145416,TRANSFER,145.1900024,399.9599915,0,0.360000014,4,1245331.428,1245331.428,452069.3991,311332.8569,4/28/2023
MC24341,TRANSFER,89.62999725,331.9700012,0.170000002,0.270000011,4,1245331.428,1033635.075,279075.5446,311332.8569,5/23/2021
CR22514,TRANSFER,-307.2000122,192,0.039999999,-1.600000024,4,622728,597818.88,-956510.246,155682,5/12/2021
CR22514,TRANSFER,22.67000008,75.55999756,0.059999999,0.300000012,4,248966.6515,235266.6308,70586.21905,62241.66288,5/12/2021
CR7152,TRANSFER,-12.55000019,199.1699982,0.170000002,-0.059999999,4,747149.0753,620143.6732,-39076.18259,186787.2688,2/11/2021
MC15114,TRANSFER,55.09000015,176,0.119999997,0.310000002,4,622728,548000.64,171530.4281,155682,3/30/2021
TK62841,TRANSFER,-129.8399963,97.41000366,0.129999995,-1.330000043,4,348603.1316,303299.6838,-404275.0061,87150.78288,1/2/2022
TK51597,TRANSFER,89.83999634,230.3600006,0.039999999,0.389999986,4,747149.0753,717258.1123,279729.4062,186787.2688,10/29/2021
TK120416,TRANSFER,102.2900009,208.7700043,0.129999995,0.49000001,4,747149.0753,650034.6362,318494.2384,186787.2688,12/3/2022
TK117394,TRANSFER,-321.2999878,189,0.059999999,-1.700000048,4,622728,588477.96,-1000412.494,155682,11/16/2022
TK62841,TRANSFER,18,180,0.100000001,0.100000001,4,622728,560455.2,56045.52,155682,1/2/2022
TK67776,TRANSFER,5.760000229,95.95999908,0.039999999,0.059999999,4,311239.4515,298784.8915,17934.56711,77809.86288,1/30/2022
TK58902,TRANSFER,118.9899979,339.9700012,0.150000006,0.349999994,4,1245331.428,1058544.195,370492.0171,311332.8569,12/10/2021
TK58902,TRANSFER,18,239.9600067,0,0.079999998,4,747149.0753,747149.0753,56045.52,186787.2688,12/10/2021
MC168714,TRANSFER,37.79999924,135,0.100000001,0.280000001,3,467046,420341.4,117695.5896,155682,9/12/2023
CR34193,TRANSFER,69.83999634,145.5,0.029999999,0.479999989,3,467046,453034.62,217456.6062,155682,7/19/2021
MC3258,TRANSFER,18.78000069,41.72999954,0.129999995,0.449999988,3,149361.3146,129932.1958,58474.16135,49787.10288,1/20/2021
CR16561,TRANSFER,41.8199997,87.12999725,0.170000002,0.479999989,3,326838.7945,271291.4446,130212.4239,108946.2688,4/7/2021
MC3842,TRANSFER,57.95999908,126,0.159999996,0.460000008,3,467046,392318.64,180466.5715,155682,1/23/2021
TK72527,TRANSFER,-6,120,0.200000003,-0.050000001,3,467046,373636.8,-18681.84,155682,2/28/2022
CR29579,PAYMENT,23.5,50,0,0.469999999,2,155682,155682,73170.54,77841,6/22/2021
CR24868,PAYMENT,6.5,23.62999916,0.059999999,0.280000001,1,77841,73575.31058,20238.66,77841,5/26/2021
CR5651,TRANSFER,39.40999985,121.25,0.029999999,0.330000013,5,389205,377528.85,122708.5519,77841,2/2/2021
CR2011,TRANSFER,23.52000046,48,0.039999999,0.49000001,2,155682,149454.72,73232.81423,77841,1/12/2021
TK122633,CASH,24.5699997,54.59000015,0.090000004,0.449999988,1,186787.2688,169973.6081,76502.13387,186787.2688,12/16/2022
TK122633,CASH,38.65999985,114.3899994,0.119999997,0.340000004,1,404742.0807,356169.2777,120373.3219,404742.0807,12/16/2022
TK122633,CASH,50.88999939,113.0899963,0.129999995,0.449999988,1,404742.0807,352121.5361,158453.1377,404742.0807,12/16/2022
TK124245,CASH,2.059999943,18.25,0.170000002,0.109999999,1,68468.94288,56823.93,6414.098223,68468.94288,12/26/2022
TK122633,CASH,117.4400024,260.980011,0.129999995,0.449999988,1,934029.7615,812597.8015,365665.8891,934029.7615,12/16/2022
MC174266,CASH,70.80999756,252.8800049,0,0.280000001,1,787377.2985,787377.2985,220476.8408,787377.2985,11/1/2023
MC168802,CASH,38.25,84.98999786,0.150000006,0.449999988,1,311332.8569,264628.2569,119096.73,311332.8569,9/12/2023
MC168802,CASH,35.90999985,110.4899979,0.150000006,0.330000013,1,404742.0807,344026.0771,111810.8119,404742.0807,9/12/2023
MC18347,CASH,29.11000061,92.98999786,0.07,0.310000002,1,311332.8569,289537.3769,90638.0623,311332.8569,4/17/2021
MC18347,CASH,12.09000015,120.8899994,0.07,0.100000001,1,404742.0807,376407.9377,37643.90807,404742.0807,4/17/2021
TK128429,CASH,32.79999924,113.0899963,0.129999995,0.289999992,1,404742.0807,352121.5361,102127.3896,404742.0807,1/20/2023
TK128429,CASH,6.840000153,35.99000168,0.100000001,0.189999998,1,124514.4688,112059.9088,21297.29808,124514.4688,1/20/2023
MC178846,CASH,-16.04000092,80.18000031,0.050000001,-0.200000003,1,262791.2208,249651.6562,-49942.78846,262791.2208,1/7/2024
CR178927,CASH,34.33000183,70.05000305,0.170000002,0.49000001,1,262791.2208,218110.4915,106891.2669,262791.2208,1/8/2024
TK56358,CASH,-319.980011,399.980011,0,-0.800000012,1,1245393.761,1245393.761,-996302.5615,1245393.761,11/25/2021
TK56358,CASH,28.79999924,287.980011,0.039999999,0.100000001,1,934029.7615,896666.0815,89672.82963,934029.7615,11/25/2021
TK128429,CASH,35.27999878,104.3799973,0.129999995,0.340000004,2,373574.5378,325001.7348,109849.2154,186787.2688,1/20/2023
TK56358,CASH,-7.949999809,57.58000183,0.100000001,-0.140000001,2,199210.6858,179283.3969,-24753.43741,99605.34288,11/25/2021
TK128429,CASH,46.47999954,148.5,0.01,0.310000002,3,467046,462375.54,144721.9858,155682,1/20/2023
TK78290,DEBIT,92.38999939,263.980011,0.119999997,0.349999994,1,934029.7615,821938.7215,287669.1977,934029.7615,4/2/2022
CR165761,DEBIT,-9.5,107.9800034,0.100000001,-0.090000004,2,373574.5378,336210.8578,-29579.58,186787.2688,8/26/2023
CR165761,DEBIT,44.63000107,127.5,0.150000006,0.349999994,3,467046,396989.1,138961.7565,155682,8/26/2023
CR165761,DEBIT,14.23999977,126,0.159999996,0.109999999,3,467046,392318.64,44338.23288,155682,8/26/2023
TK78290,DEBIT,55.20000076,120,0.200000003,0.460000008,3,467046,373636.8,171872.9304,155682,4/2/2022
TK55341,CASH,16.79999924,79.98999786,0.200000003,0.209999993,1,311332.8569,249060.0569,52309.14963,311332.8569,11/19/2021
TK55341,CASH,-27.36000061,126.0899963,0.029999999,-0.219999999,1,404742.0807,392598.8561,-85189.1923,404742.0807,11/19/2021
TK55341,CASH,17.95000076,284.980011,0.050000001,0.059999999,1,934029.7615,887325.1615,55889.84037,934029.7615,11/19/2021
TK55341,CASH,-3.690000057,283.480011,0.059999999,-0.01,1,934029.7615,882654.7015,-11489.33178,934029.7615,11/19/2021
TK82504,DEBIT,10.30000019,116.9899979,0.100000001,0.090000004,1,404742.0807,364264.7371,32070.49259,404742.0807,4/26/2022
TK99195,DEBIT,25.92000008,53.99000168,0.100000001,0.479999989,1,186787.2688,168105.4288,80705.54905,186787.2688,8/3/2022
TK82504,DEBIT,10.0699997,114.3899994,0.119999997,0.090000004,1,404742.0807,356169.2777,31354.35387,404742.0807,4/26/2022
TK81079,DEBIT,7.210000038,114.3899994,0.119999997,0.059999999,1,404742.0807,356169.2777,22449.34452,404742.0807,4/18/2022
TK82504,DEBIT,33.93000031,113.0899963,0.129999995,0.300000012,1,404742.0807,352121.5361,105645.8062,404742.0807,4/26/2022
TK87221,DEBIT,31.67000008,113.0899963,0.129999995,0.280000001,1,404742.0807,352121.5361,98608.97905,404742.0807,5/24/2022
TK99691,DEBIT,8.510000229,27.19000053,0.150000006,0.310000002,1,99605.34288,84659.87325,26497.07711,99605.34288,8/6/2022
TK81629,DEBIT,65.51999664,251.9799957,0.159999996,0.25999999,1,934029.7615,784574.9938,204005.6823,934029.7615,4/21/2022
TK87545,DEBIT,61.09999847,129.9900055,0,0.469999999,1,404742.0807,404742.0807,190243.3992,404742.0807,5/26/2022
MC155664,DEBIT,83.69000244,185.9799957,0.07,0.449999988,2,622665.7138,579074.7538,260580.5392,311332.8569,6/27/2023
MC36529,DEBIT,63.0699997,165.9799957,0.170000002,0.379999995,2,622665.7138,516801.9538,196377.2739,311332.8569,8/2/2021
TK114663,DEBIT,40.5,149.9900055,0.25,0.270000011,2,622665.7138,467014.8807,126102.42,311332.8569,10/31/2022
MC36529,DEBIT,51.83000183,107.9800034,0.100000001,0.479999989,2,373574.5378,336210.8578,161379.9669,186787.2688,8/2/2021
MC154470,DEBIT,18.57999992,104.3799973,0.129999995,0.180000007,2,373574.5378,325001.7348,57851.43095,186787.2688,6/21/2023
TK114663,DEBIT,29.76000023,96,0.039999999,0.310000002,2,311364,298909.44,92661.92712,155682,10/31/2022
MC162635,DEBIT,36.08000183,88,0.119999997,0.409999996,2,311364,274000.32,112340.1369,155682,8/7/2023
CR160746,DEBIT,21.82999992,67.18000031,0.159999996,0.330000013,2,249028.9377,209174.3362,67970.76095,124514.4688,7/27/2023
MC166788,DEBIT,26.87000084,63.97999954,0.200000003,0.419999987,2,249028.9377,199210.6858,83663.50942,124514.4688,9/1/2023
TK114663,DEBIT,4.46999979,39.58000183,0.01,0.109999999,2,124483.3258,123237.8769,13917.97015,62241.66288,10/31/2022
MC19770,DEBIT,1.75999999,175.9799957,0.119999997,0.01,2,622665.7138,547938.3538,5480.006369,311332.8569,4/26/2021
MC2737,DEBIT,55.24000168,169.9799957,0.150000006,0.330000013,2,622665.7138,529256.5138,171997.4788,311332.8569,1/17/2021
MC149601,DEBIT,32.38999939,71.98000336,0.100000001,0.449999988,2,249028.9377,224119.8177,100850.7977,124514.4688,5/22/2023
CR146985,DEBIT,-32.16999817,84,0.159999996,-0.379999995,2,311364,261545.76,-100165.7931,155682,5/7/2023
MC23286,DEBIT,28,80,0.200000003,0.349999994,2,311364,249091.2,87181.92,155682,5/17/2021
TK126395,DEBIT,131.2400055,374.9599915,0.25,0.349999994,5,1556664.356,1167490.428,408634.1307,311332.8569,1/8/2023
TK115042,DEBIT,49.18000031,119.9599991,0.25,0.409999996,5,498026.7083,373512.2516,153128.8162,99605.34288,11/2/2022
TK104781,DEBIT,21.60000038,287.9500122,0.039999999,0.079999998,5,933936.356,896572.676,67254.62518,186787.2688,9/4/2022
TK54948,DEBIT,-2.470000029,189.9499969,0.050000001,-0.01,5,622572.3083,591435.9083,-7690.69089,124514.4688,11/17/2021
TK53676,DEBIT,13.64999962,181.9499969,0.090000004,0.079999998,5,622572.3083,566526.7883,42501.18482,124514.4688,11/10/2021
TK53979,DEBIT,-60.79999924,260.9599915,0.129999995,-0.230000004,5,933936.356,812535.4679,-189309.3096,186787.2688,11/12/2021
TK70122,DEBIT,84.40000153,232.5,0.07,0.360000014,5,778410,723921.3,262791.2208,155682,2/14/2022
TK93572,DEBIT,138.1600037,293.9500122,0.02,0.469999999,5,933936.356,915254.516,430180.5139,186787.2688,7/1/2022
TK94587,DEBIT,-8.510000229,197.9499969,0.01,-0.039999999,5,622572.3083,616345.0283,-26497.07711,124514.4688,7/7/2022
TK96612,DEBIT,10.53999996,169.9600067,0.150000006,0.059999999,5,622572.3083,529194.2753,32817.76548,124514.4688,7/18/2022
TK102945,DEBIT,-297.3500061,207.5,0.170000002,-1.429999948,5,778410,646080.3,-925840.873,155682,8/25/2022
TK84074,DEBIT,115.9000015,251.9600067,0.159999996,0.460000008,5,933936.356,784512.7553,360870.8807,186787.2688,5/6/2022
TK122319,PAYMENT,-86.44000244,123.4899979,0.050000001,-0.699999988,1,404742.0807,384503.3971,-269143.0492,404742.0807,12/15/2022
TK122319,PAYMENT,33.16999817,122.8399963,0.059999999,0.270000011,1,404742.0807,382479.5261,103279.4331,404742.0807,12/15/2022
TK112832,PAYMENT,30.42000008,116.9899979,0.100000001,0.25999999,1,404742.0807,364264.7371,94716.92905,404742.0807,10/21/2022
TK112832,PAYMENT,51.47999954,114.3899994,0.119999997,0.449999988,1,404742.0807,356169.2777,160290.1858,404742.0807,10/21/2022
TK112832,PAYMENT,33.93000031,113.0899963,0.129999995,0.300000012,1,404742.0807,352121.5361,105645.8062,404742.0807,10/21/2022
TK112832,PAYMENT,9.069999695,47.99000168,0.200000003,0.189999998,1,186787.2688,149423.5888,28240.71385,186787.2688,10/21/2022
MC173226,PAYMENT,50.84999847,406.8399963,0.100000001,0.129999995,1,1407489.852,1266753.286,158328.5892,1407489.852,10/17/2023
MC34166,PAYMENT,27.93000031,58.18999863,0.029999999,0.479999989,1,186787.2688,181182.7073,86963.96617,186787.2688,7/19/2021
MC32808,PAYMENT,1.169999957,116.9899979,0.100000001,0.01,1,404742.0807,364264.7371,3642.958666,404742.0807,7/11/2021
TK123904,PAYMENT,36.40000153,103.9899979,0.200000003,0.349999994,1,404742.0807,323787.4171,113336.5008,404742.0807,12/24/2022
TK123904,PAYMENT,27.29999924,97.48999786,0.25,0.280000001,1,404742.0807,303548.7569,85002.36963,404742.0807,12/24/2022
MC34166,PAYMENT,120.8899994,371.980011,0.07,0.330000013,1,1245393.761,1158211.841,376407.9377,1245393.761,7/19/2021
TK87426,TRANSFER,64.01999664,176.3699951,0.02,0.360000014,3,560361.7945,549152.6715,199335.2223,186787.2688,5/25/2022
TK87426,TRANSFER,50.40000153,144,0.039999999,0.349999994,3,467046,448364.16,156927.4608,155682,5/25/2022
TK88696,TRANSFER,44.20000076,94.05000305,0.02,0.469999999,3,298816.0346,292837.8515,137622.8904,99605.34288,6/2/2022
CR155782,TRANSFER,-160.1199951,208.7700043,0.129999995,-0.769999981,4,747149.0753,650034.6362,-498556.0215,186787.2688,6/28/2023
CR28992,TRANSFER,96.04000092,196,0.02,0.49000001,4,622728,610273.44,299033.9885,155682,6/19/2021
MC158121,TRANSFER,41.88999939,155.1600037,0.029999999,0.270000011,4,498057.8753,483112.3939,130430.3777,124514.4688,7/12/2023
TK45411,TRANSFER,40.38999939,237.5599976,0.01,0.170000002,4,747149.0753,739676.3109,125759.9177,186787.2688,9/23/2021
MC21759,TRANSFER,-277.0499878,377.9599915,0.059999999,-0.730000019,4,1245331.428,1176831.348,-862633.924,311332.8569,5/8/2021
TK68686,TRANSFER,59.15000153,347.9700012,0.129999995,0.170000002,4,1245331.428,1083453.315,184171.8108,311332.8569,2/5/2022
TK51877,TRANSFER,-59.75,199.1699982,0.170000002,-0.300000012,4,747149.0753,620143.6732,-186039.99,186787.2688,10/31/2021
TK51877,TRANSFER,98.79000092,379.9599915,0.050000001,0.25999999,4,1245331.428,1183058.628,307596.4985,311332.8569,10/31/2021
TK69688,TRANSFER,19.92000008,199.1699982,0.170000002,0.100000001,4,747149.0753,620143.6732,62023.70905,186787.2688,2/11/2022
TK124214,TRANSFER,72.93000031,155.1600037,0.029999999,0.469999999,4,498057.8753,483112.3939,227077.7662,124514.4688,12/26/2022
TK109829,TRANSFER,34.38999939,127.3600006,0.090000004,0.270000011,4,435785.0753,396553.1923,107078.0777,108946.2688,10/3/2022
TK114861,TRANSFER,-4.559999943,119.9700012,0.25,-0.039999999,4,498057.8753,373543.3945,-14198.19822,124514.4688,11/1/2022
TK93518,TRANSFER,-2.519999981,179.9700012,0.25,-0.01,4,747149.0753,560361.7945,-7846.372741,186787.2688,6/30/2022
TK85966,TRANSFER,50.27999878,148.7599945,0.07,0.340000004,4,498057.8753,463185.0693,156553.8154,124514.4688,5/17/2022
TK94402,TRANSFER,113.9899979,379.9599915,0.050000001,0.300000012,4,1245331.428,1183058.628,354923.8171,311332.8569,7/6/2022
TK88696,TRANSFER,-49.81000137,176,0.119999997,-0.280000001,4,622728,548000.64,-155090.4127,155682,6/2/2022
TK90175,TRANSFER,-136,170,0.150000006,-0.800000012,4,622728,529318.8,-423455.04,155682,6/11/2022
CR162219,TRANSFER,239.9799957,499.9500122,0,0.479999989,5,1556664.356,1556664.356,747211.3138,311332.8569,8/5/2023
CR155782,TRANSFER,-59.99000168,299.9500122,0,-0.200000003,5,933936.356,933936.356,-186787.2688,186787.2688,6/28/2023
CR28992,TRANSFER,71.05000305,245,0.02,0.289999992,5,778410,762841.8,221224.1315,155682,6/19/2021
CR2011,TRANSFER,-94.48999786,419.9599915,0.159999996,-0.230000004,5,1556664.356,1307604.228,-294207.8369,311332.8569,1/12/2021
MC150722,TRANSFER,116.4000015,242.5,0.029999999,0.479999989,5,778410,755057.7,362427.7007,155682,5/29/2023
MC150722,TRANSFER,44.79000092,159.9600067,0.200000003,0.280000001,5,622572.3083,498057.8753,139459.9385,124514.4688,5/29/2023
CR170031,DEBIT,-171.5899963,114.3899994,0.119999997,-1.5,1,404742.0807,356169.2777,-534269.4761,404742.0807,9/19/2023
CR37428,DEBIT,-11.28999996,296.980011,0.01,-0.039999999,1,934029.7615,924688.8415,-35152.99548,934029.7615,8/7/2021
TK58068,DEBIT,21.75,195.9799957,0.02,0.109999999,2,622665.7138,610211.1538,67721.67,311332.8569,12/5/2021
TK73253,DEBIT,7.28000021,58.20000076,0.029999999,0.129999995,2,186818.4,181213.8504,22667.29985,93409.2,3/3/2022
TK105326,DEBIT,19,105.5800018,0.119999997,0.180000007,2,373574.5378,328738.1168,59159.16,186787.2688,9/7/2022
TK105326,DEBIT,19,79.18000031,0.01,0.239999995,2,249028.9377,246538.0162,59159.16,124514.4688,9/7/2022
TK54942,DEBIT,24.70000076,95,0.050000001,0.25999999,2,311364,295795.8,76906.91037,155682,11/17/2021
TK125638,DEBIT,23.22999954,70.37999725,0.119999997,0.330000013,2,249028.9377,219137.9746,72329.85577,124514.4688,1/3/2023
TK62544,DEBIT,33.18999863,66.37999725,0.170000002,0.5,2,249028.9377,206683.4146,103341.7073,124514.4688,12/31/2021
TK53411,DEBIT,14.39999962,47.99000168,0.25,0.300000012,2,199210.6858,149423.5888,44836.41482,99605.34288,11/8/2021
TK86079,DEBIT,9.979999542,113.3799973,0.059999999,0.090000004,2,373574.5378,353024.4948,31074.12577,186787.2688,5/18/2022
TK81629,DEBIT,25.20000076,100.7799988,0.159999996,0.25,2,373574.5378,313792.6355,78463.73037,186787.2688,4/21/2022
TK81629,DEBIT,38.22000122,98,0.02,0.389999986,2,311364,305136.72,119003.3246,155682,4/21/2022
TK82504,DEBIT,-35.59999847,97,0.029999999,-0.370000005,2,311364,302023.08,-110845.5792,155682,4/26/2022
TK99195,DEBIT,-123.7300034,72.77999878,0.090000004,-1.700000048,2,249028.9377,226610.7154,-385250.6878,124514.4688,8/3/2022
TK97785,DEBIT,31.67000008,70.37999725,0.119999997,0.449999988,2,249028.9377,219137.9746,98608.97905,124514.4688,7/25/2022
TK87545,DEBIT,27.87999916,82,0.180000007,0.340000004,2,311364,255318.48,86808.28058,155682,5/26/2022
TK121743,DEBIT,8.729999542,174.5700073,0.029999999,0.050000001,3,560361.7945,543548.1575,27182.07577,186787.2688,12/11/2022
TK107373,DEBIT,16.10000038,142.5,0.050000001,0.109999999,3,467046,443693.7,50129.60518,155682,9/19/2022
TK119770,DEBIT,7.429999828,148.5,0.01,0.050000001,3,467046,462375.54,23134.34466,155682,11/30/2022
TK119770,DEBIT,31.42000008,116.3700027,0.029999999,0.270000011,3,373543.3945,362334.2952,97830.56905,124514.4688,11/30/2022
MC161934,DEBIT,16.84000015,267.269989,0.01,0.059999999,3,840589.3945,832182.5285,52433.69807,280196.4569,8/3/2023
CR36079,DEBIT,88.72000122,272.9700012,0.090000004,0.330000013,3,933998.5945,849930.3145,276242.1446,311332.8569,7/30/2021
CR157949,DEBIT,64.16000366,136.5,0.090000004,0.469999999,3,467046,425011.86,199771.1538,155682,7/11/2023
TK113534,DEBIT,-67.22000122,100.7699966,0.159999996,-0.670000017,3,373543.3945,313761.4922,-209298.8846,124514.4688,10/25/2022
MC13573,DEBIT,143.9900055,287.9700012,0.039999999,0.5,3,933998.5945,896634.9145,448333.0407,311332.8569,3/21/2021
CR134641,DEBIT,-9.520000458,151.1699982,0.159999996,-0.059999999,3,560361.7945,470688.9532,-29641.85423,186787.2688,2/25/2023
MC152617,DEBIT,-41.81000137,98.37999725,0.180000007,-0.430000007,3,373543.3945,306319.8946,-130181.2927,124514.4688,6/9/2023
MC132454,DEBIT,27.60000038,120,0.200000003,0.230000004,3,467046,373636.8,85936.46518,155682,2/12/2023
CR11215,DEBIT,36,73.47000122,0.02,0.49000001,3,233429.5946,228759.1346,112091.04,77809.86288,3/7/2021
CR138272,DEBIT,37.40000153,119.5,0.170000002,0.310000002,3,448270.7545,372079.98,116450.1408,149423.5888,3/18/2023
MC13573,DEBIT,38.22999954,79.66000366,0.170000002,0.479999989,3,298816.0346,248032.5738,119034.4558,99605.34288,3/21/2021
TK62107,DEBIT,55.22999954,167.3699951,0.07,0.330000013,3,560361.7945,521129.9115,171966.3358,186787.2688,12/28/2021
TK75396,DEBIT,63.95000076,130.5,0.129999995,0.49000001,3,467046,406330.02,199117.2804,155682,3/16/2022
TK58801,DEBIT,53.45000076,161.9700012,0.100000001,0.330000013,3,560361.7945,504316.2745,166424.0604,186787.2688,12/10/2021
TK81629,DEBIT,25.52000046,85.05000305,0.059999999,0.300000012,3,280227.6,264815.0915,79460.09423,93409.2,4/21/2022
TK99195,DEBIT,42.90000153,132,0.119999997,0.330000013,3,467046,411000.48,133575.1608,155682,8/3/2022
TK86079,DEBIT,18.23999977,95.98000336,0.200000003,0.189999998,3,373543.3945,298847.1777,56792.79288,124514.4688,5/18/2022
TK82645,DEBIT,54,112.5,0.25,0.479999989,3,467046,350284.5,168136.56,155682,4/27/2022
TK107373,DEBIT,52.79000092,140.7599945,0.119999997,0.379999995,4,498057.8753,438275.9493,164369.0585,124514.4688,9/19/2022
TK112132,DEBIT,1.679999948,168,0.159999996,0.01,4,622728,523091.52,5230.915038,155682,10/17/2022
TK119770,DEBIT,43.5,150,0.25,0.289999992,4,622728,467046,135443.34,155682,11/30/2022
MC36529,DEBIT,88.69000244,201.5700073,0.159999996,0.439999998,4,747149.0753,627616.4375,276148.7392,186787.2688,8/2/2021
CR157949,DEBIT,92.12000275,196,0.02,0.469999999,4,622728,610273.44,286828.5254,155682,7/11/2023
MC164014,DEBIT,-121.25,145.5599976,0.090000004,-0.829999983,4,498057.8753,453221.4309,-377528.85,124514.4688,8/15/2023
MC164014,DEBIT,-23.46999931,143.9600067,0.100000001,-0.159999996,4,498057.8753,448239.6353,-73077.12865,124514.4688,8/15/2023
MC137137,DEBIT,128.4299927,379.9599915,0.050000001,0.340000004,4,1245331.428,1183058.628,399884.7625,311332.8569,3/11/2023
CR11215,DEBIT,52.40000153,116.4400024,0.090000004,0.449999988,4,398421.3716,362552.2491,163154.7408,99605.34288,3/7/2021
CR138272,DEBIT,-3.119999886,239.9600067,0,-0.01,4,747149.0753,747149.0753,-9714.556445,186787.2688,3/18/2023
MC137137,DEBIT,55.79000092,179.9700012,0.25,0.310000002,4,747149.0753,560361.7945,173709.9785,186787.2688,3/11/2023
MC152617,DEBIT,20,200,0,0.100000001,4,622728,622728,62272.8,155682,6/9/2023
MC13573,DEBIT,15,200,0,0.079999998,4,622728,622728,46704.6,155682,3/21/2021
CR1796,DEBIT,78.37999725,156.7599945,0.02,0.5,4,498057.8753,488094.1893,244047.0946,124514.4688,1/11/2021
CR134203,DEBIT,88.83000183,189,0.059999999,0.469999999,4,622728,588477.96,276584.6469,155682,2/22/2023
MC2737,DEBIT,-143.9400024,89.95999908,0.100000001,-1.600000024,4,311239.4515,280103.0515,-448177.3491,77809.86288,1/17/2021
TK125075,DEBIT,45.34999847,201.5700073,0.159999996,0.230000004,4,747149.0753,627616.4375,141203.5692,186787.2688,12/31/2022
TK103140,DEBIT,-128.0399933,191.9700012,0.200000003,-0.670000017,4,747149.0753,597725.4745,-398670.4447,186787.2688,8/26/2022
TK58068,DEBIT,22.5,179.9700012,0.25,0.129999995,4,747149.0753,560361.7945,70056.9,186787.2688,12/5/2021
TK65307,DEBIT,49.27000046,140.7599945,0.119999997,0.349999994,4,498057.8753,438275.9493,153409.0442,124514.4688,1/16/2022
TK75183,TRANSFER,56,160,0.200000003,0.349999994,4,622728,498182.4,174363.84,155682,3/15/2022
TK94030,TRANSFER,0,239.9600067,0,0,4,747149.0753,747149.0753,0,186787.2688,7/3/2022
TK90349,TRANSFER,90.77999878,232.7599945,0.029999999,0.389999986,4,747149.0753,724730.8293,282656.2354,186787.2688,6/12/2022
TK98108,TRANSFER,84,200,0,0.419999987,4,622728,622728,261545.76,155682,7/27/2022
TK99118,TRANSFER,24.5,196,0.02,0.129999995,4,622728,610273.44,76284.18,155682,8/2/2022
TK102983,TRANSFER,54.3199997,194,0.029999999,0.280000001,4,622728,604046.16,169132.9239,155682,8/25/2022
TK91405,TRANSFER,-93.88999939,140.7599945,0.119999997,-0.670000017,4,498057.8753,438275.9493,-292339.6577,124514.4688,6/18/2022
TK79054,TRANSFER,120.8899994,371.9599915,0.07,0.330000013,4,1245331.428,1158149.508,376407.9377,311332.8569,4/6/2022
TK94483,TRANSFER,73.72000122,194,0.029999999,0.379999995,4,622728,604046.16,229537.5446,155682,7/6/2022
TK91719,TRANSFER,49.13999939,189,0.059999999,0.25999999,4,622728,588477.96,153004.2677,155682,6/20/2022
TK118936,TRANSFER,76.43000031,293.9500122,0.02,0.25999999,5,933936.356,915254.516,237975.5062,186787.2688,11/25/2022
TK114168,TRANSFER,-5.800000191,200,0.200000003,-0.029999999,5,778410,622728,-18059.11259,155682,10/28/2022
CR36869,TRANSFER,229.9799957,499.9500122,0,0.460000008,5,1556664.356,1556664.356,716074.9138,311332.8569,8/4/2021
CR36869,TRANSFER,66.37999725,132.7599945,0.170000002,0.5,5,498026.7083,413366.8293,206683.4146,99605.34288,8/4/2021
MC33072,TRANSFER,3.279999971,272.9500122,0.090000004,0.01,5,933936.356,849868.076,10212.73911,186787.2688,7/12/2021
MC166823,TRANSFER,25.43000031,225,0.100000001,0.109999999,5,778410,700569,79179.86617,155682,9/1/2023
MC166823,TRANSFER,71.5,220,0.119999997,0.330000013,5,778410,685000.8,222625.26,155682,9/1/2023
MC33012,TRANSFER,-42.95999908,197.9499969,0.01,-0.219999999,5,622572.3083,616345.0283,-133761.9715,124514.4688,7/12/2021
CR35536,TRANSFER,52,200,0.200000003,0.25999999,5,778410,622728,161909.28,155682,7/27/2021
MC37625,TRANSFER,-150,187.5,0.25,-0.800000012,5,778410,583807.5,-467046,155682,8/8/2021
CR162086,TRANSFER,84.80999756,260.9599915,0.129999995,0.330000013,5,933936.356,812535.4679,264067.8008,186787.2688,8/4/2023
TK46447,TRANSFER,46.86000061,220,0.119999997,0.209999993,5,778410,685000.8,145905.1723,155682,9/29/2021
TK46447,TRANSFER,65.25,217.5,0.129999995,0.300000012,5,778410,677216.7,203165.01,155682,9/29/2021
MC142724,TRANSFER,199.1799927,414.9599915,0.170000002,0.479999989,5,1556664.356,1292036.028,620174.7925,311332.8569,4/12/2023
MC142724,TRANSFER,139.3899994,409.9599915,0.180000007,0.340000004,5,1556664.356,1276467.828,434010.2777,311332.8569,4/12/2023
MC142724,TRANSFER,81.11000061,239.9600067,0.200000003,0.340000004,5,933936.356,747149.0753,252547.3423,186787.2688,4/12/2023
MC21448,TRANSFER,79.86000061,220,0.119999997,0.360000014,5,778410,685000.8,248655.2923,155682,5/6/2021
MC15114,TRANSFER,112.0299988,248.9600067,0.170000002,0.449999988,5,933936.356,775171.8353,348821.0855,186787.2688,3/30/2021
CR7152,TRANSFER,-227.9600067,284.9500122,0.050000001,-0.800000012,5,933936.356,887231.756,-709785.3953,186787.2688,2/11/2021
CR7152,TRANSFER,103.4000015,220,0.119999997,0.469999999,5,778410,685000.8,321950.3807,155682,2/11/2021
TK131025,CASH,28.70999908,109.1699982,0.090000004,0.25999999,3,373543.3945,339916.0732,89392.60154,124514.4688,2/4/2023
TK131025,CASH,34.54999924,71.97000122,0.039999999,0.479999989,3,233429.5946,224088.6746,107576.2596,77809.86288,2/4/2023
TK131025,CASH,29.20000076,71.22000122,0.050000001,0.409999996,3,233429.5946,221753.4446,90918.29037,77809.86288,2/4/2023
TK59461,CASH,105.2900009,269.9700012,0.100000001,0.389999986,3,933998.5945,840589.3945,327835.1584,311332.8569,12/13/2021
MC168802,CASH,86.23999786,176,0.119999997,0.49000001,4,622728,548000.64,268520.3069,155682,9/12/2023
TK56358,CASH,-254.6199951,331.9700012,0.170000002,-0.769999981,4,1245331.428,1033635.075,-792795.0015,311332.8569,11/25/2021
MC168802,CASH,87.73999786,269.9599915,0.100000001,0.330000013,5,933936.356,840558.2279,273190.7669,186787.2688,9/12/2023
TK131025,CASH,143.6399994,424.9599915,0.150000006,0.340000004,5,1556664.356,1323172.428,447243.2477,311332.8569,2/4/2023
CR31785,CASH,59.24000168,120.8899994,0.07,0.49000001,1,404742.0807,376407.9377,184452.0388,404742.0807,7/5/2021
CR31785,CASH,42.58000183,118.2900009,0.090000004,0.360000014,1,404742.0807,368312.4784,132578.7969,404742.0807,7/5/2021
TK50330,CASH,34.58000183,110.4899979,0.150000006,0.310000002,1,404742.0807,344026.0771,107669.6769,404742.0807,10/21/2021
TK50330,CASH,29.10000038,387.980011,0.029999999,0.079999998,1,1245393.761,1208030.081,90606.92518,1245393.761,10/21/2021
CR31785,CASH,152.7100067,331.980011,0.170000002,0.460000008,1,1245393.761,1033666.241,475483.9853,1245393.761,7/5/2021
TK57218,CASH,16.22999954,39.59000015,0.01,0.409999996,1,124514.4688,123269.0081,50534.37577,124514.4688,11/30/2021
TK57218,CASH,9.5,47.5,0.050000001,0.200000003,1,155682,147897.9,29579.58,155682,11/30/2021
TK50330,CASH,6.559999943,65.58000183,0.180000007,0.100000001,2,249028.9377,204192.5169,20425.47822,124514.4688,10/21/2021
TK50330,CASH,79.19000244,263.9700012,0.119999997,0.300000012,3,933998.5945,821907.5545,246569.1592,311332.8569,10/21/2021
TK57218,CASH,31.20000076,120,0.200000003,0.25999999,3,467046,373636.8,97145.57037,155682,11/30/2021
CR31785,CASH,99,225,0.100000001,0.439999998,5,778410,700569,308250.36,155682,7/5/2021
TK57218,CASH,4.949999809,247.5,0.01,0.02,5,778410,770625.9,15412.51741,155682,11/30/2021
TK57218,CASH,-7.920000076,79.16000366,0.119999997,-0.100000001,5,280071.9085,246475.7538,-24660.02904,56014.38288,11/30/2021
TK110081,CASH,-54.68999863,128.6900024,0.01,-0.430000007,1,404742.0807,400694.3391,-170284.9673,404742.0807,10/5/2022
TK110081,CASH,4.920000076,43.5,0.129999995,0.109999999,1,155682,135443.34,15319.10904,155682,10/5/2022
TK110081,CASH,62.77000046,278.980011,0.07,0.230000004,1,934029.7615,868643.3215,195443.1842,934029.7615,10/5/2022
MC158389,CASH,6.099999905,53.99000168,0.100000001,0.109999999,1,186787.2688,168105.4288,18993.2037,186787.2688,7/13/2023
MC173757,CASH,59.08000183,314.25,0.119999997,0.189999998,1,1111880.863,978461.37,183953.8569,1111880.863,10/25/2023
MC158359,CASH,12.01000023,109.1900024,0.159999996,0.109999999,1,404742.0807,339978.3591,37394.81712,404742.0807,7/13/2023
MC174706,CASH,64.11000061,164.3800049,0,0.389999986,1,511820.1585,511820.1585,199615.4623,511820.1585,11/8/2023
CR153271,CASH,12.86999989,128.6900024,0.01,0.100000001,1,404742.0807,400694.3391,40072.54646,404742.0807,6/13/2023
CR153271,CASH,12.73999977,127.3899994,0.02,0.100000001,1,404742.0807,396646.5977,39667.77288,404742.0807,6/13/2023
CR140784,CASH,55.47999954,126.0899963,0.029999999,0.439999998,1,404742.0807,392598.8561,172744.7458,404742.0807,4/1/2023
CR140784,CASH,26.21999931,56.99000168,0.050000001,0.460000008,1,186787.2688,177446.3488,81639.63865,186787.2688,4/1/2023
MC134567,CASH,17.54999924,116.9899979,0.100000001,0.150000006,1,404742.0807,364264.7371,54644.37963,404742.0807,2/24/2023
MC177445,CASH,20.62999916,57.31000137,0.029999999,0.360000014,1,183953.8569,178442.7127,64234.39058,183953.8569,12/18/2023
MC175224,CASH,136.6100006,505.9500122,0.050000001,0.270000011,1,1658262.444,1575346.196,425354.3623,1658262.444,11/15/2023
MC175878,CASH,130.3300018,260.6499939,0,0.5,1,811570.247,811570.247,405800.7068,811570.247,11/25/2023
TK84987,CASH,2.420000076,96.98999786,0.029999999,0.029999999,1,311332.8569,301991.9369,7535.009037,311332.8569,5/12/2022
TK91229,CASH,-17.76000023,113.0899963,0.129999995,-0.159999996,1,404742.0807,352121.5361,-55298.24712,404742.0807,6/17/2022
TK81513,CASH,9.630000114,33.18999863,0.170000002,0.289999992,1,124514.4688,103341.7073,29984.35355,124514.4688,4/20/2022
CR40687,CASH,26.55999947,83,0.170000002,0.319999993,2,311364,258432.12,82698.27675,155682,8/26/2021
CR17716,CASH,87.29000092,193.9799957,0.029999999,0.449999988,2,622665.7138,603983.8738,271789.6385,311332.8569,4/14/2021
MC134567,CASH,20.79000092,63.97999954,0.200000003,0.330000013,2,249028.9377,199210.6858,64732.57846,124514.4688,2/24/2023
TK63963,CASH,35.20000076,159.9799957,0.200000003,0.219999999,2,622665.7138,498120.1138,109600.1304,311332.8569,1/8/2022
TK84987,CASH,16.05999947,59.47999954,0.150000006,0.270000011,2,217892.5377,185199.3058,50005.05675,108946.2688,5/12/2022
TK112418,CASH,15,119.9800034,0,0.129999995,2,373574.5378,373574.5378,46704.6,186787.2688,10/19/2022
TK91229,CASH,8.100000381,107.9800034,0.100000001,0.079999998,2,373574.5378,336210.8578,25220.48519,186787.2688,6/17/2022
TK91229,CASH,33.04999924,105.5800018,0.119999997,0.310000002,2,373574.5378,328738.1168,102905.7996,186787.2688,6/17/2022
TK84987,CASH,-173.3699951,101.9800034,0.150000006,-1.700000048,2,373574.5378,317529.0178,-539811.7515,186787.2688,5/12/2022
TK84987,CASH,9,90,0.100000001,0.100000001,2,311364,280227.6,28022.76,155682,5/12/2022
MC158389,CASH,-25.82999992,147.5800018,0.180000007,-0.180000007,3,560361.7945,459510.9968,-80425.32095,186787.2688,7/13/2023
MC158359,CASH,6.639999866,112.5,0.25,0.059999999,3,467046,350284.5,20674.56918,155682,7/13/2023
CR40687,CASH,24.0699997,71.22000122,0.050000001,0.340000004,3,233429.5946,221753.4446,74945.31387,77809.86288,8/26/2021
CR17716,CASH,60.70000076,284.9700012,0.050000001,0.209999993,3,933998.5945,887293.9945,188997.9504,311332.8569,4/14/2021
CR153271,CASH,85.51999664,178.1699982,0.01,0.479999989,3,560361.7945,554757.2332,266278.4823,186787.2688,6/13/2023
TK110081,CASH,-12.31000042,215.9600067,0.100000001,-0.059999999,4,747149.0753,672421.7153,-38328.90971,186787.2688,10/5/2022
MC158359,CASH,18.07999992,159.9600067,0,0.109999999,4,498057.8753,498057.8753,56294.61095,124514.4688,7/13/2023
CR40687,CASH,38.38999939,127.9700012,0.200000003,0.300000012,4,498057.8753,398452.5145,119532.6377,124514.4688,8/26/2021
TK63963,CASH,43.56000137,198,0.01,0.219999999,4,622728,616500.72,135630.1627,155682,1/8/2022
MC158359,CASH,86.37999725,179.9600067,0.100000001,0.479999989,5,622572.3083,560330.6753,268956.2146,124514.4688,7/13/2023
MC158359,CASH,-10,200,0.200000003,-0.050000001,5,778410,622728,-31136.4,155682,7/13/2023
CR153271,CASH,22.5,225,0.100000001,0.100000001,5,778410,700569,70056.9,155682,6/13/2023
TK81513,CASH,115.1800003,239.9600067,0.200000003,0.479999989,5,933936.356,747149.0753,358629.0561,186787.2688,4/20/2022
TK111308,CASH,1.370000005,21.73999977,0.129999995,0.059999999,1,77809.86288,67690.53288,4265.686816,77809.86288,10/12/2022
CR172903,CASH,-329.0899963,411.3599854,0.090000004,-0.800000012,1,1407489.852,1280826.905,-1024667.776,1407489.852,10/12/2023
MC161745,CASH,8.18999958,129.9900055,0,0.059999999,1,404742.0807,404742.0807,25500.71029,404742.0807,8/2/2023
TK49054,CASH,40.68999863,129.9900055,0,0.310000002,1,404742.0807,404742.0807,126694.0073,404742.0807,10/14/2021
CR169326,CASH,61.77000046,128.6900024,0.01,0.479999989,1,404742.0807,400694.3391,192329.5442,404742.0807,9/15/2023
TK116361,TRANSFER,3.859999895,296.9500122,0.01,0.01,5,933936.356,924595.436,12018.65007,186787.2688,11/10/2022
TK70016,TRANSFER,17.45999908,290.9500122,0.029999999,0.059999999,5,933936.356,905913.596,54364.15154,186787.2688,2/13/2022
TK127670,TRANSFER,0,248.9600067,0.170000002,0,5,933936.356,775171.8353,0,186787.2688,1/15/2023
TK73059,TRANSFER,55.99000168,199.9499969,0,0.280000001,5,622572.3083,622572.3083,174332.7088,124514.4688,3/2/2022
TK75972,TRANSFER,26.84000015,237.5,0.050000001,0.109999999,5,778410,739489.5,83570.09807,155682,3/19/2022
TK98108,TRANSFER,206.9799957,449.9599915,0.100000001,0.460000008,5,1556664.356,1401013.428,644461.1938,311332.8569,7/27/2022
TK101556,TRANSFER,103.1999969,240,0.039999999,0.430000007,5,778410,747273.6,321327.6383,155682,8/17/2022
TK98108,TRANSFER,8.43999958,74.66000366,0.170000002,0.109999999,5,280071.9085,232464.3738,26279.12029,56014.38288,7/27/2022
TK78363,TRANSFER,73.94000244,254.9600067,0.150000006,0.289999992,5,933936.356,793853.6753,230222.5492,186787.2688,4/2/2022
MC174603,CASH,217.0800018,452.25,0.02,0.479999989,1,1436882.621,1408143.69,675908.9768,1436882.621,11/6/2023
MC37919,CASH,163.1900024,339.980011,0.150000006,0.479999989,1,1245393.761,1058575.361,508114.9191,1245393.761,8/10/2021
MC147712,CASH,8.300000191,41.5,0.170000002,0.200000003,1,155682,129216.06,25843.21259,155682,5/11/2023
MC3398,CASH,138.1699982,293.980011,0.02,0.469999999,1,934029.7615,915347.9215,430211.6332,934029.7615,1/21/2021
MC3398,CASH,134.9900055,299.9899902,0.25,0.449999988,1,1245393.761,934060.8331,420310.2807,1245393.761,1/21/2021
MC178629,CASH,86.02999878,179.2200012,0.150000006,0.479999989,1,656511.013,558026.5645,267866.4454,656511.013,1/4/2024
TK87796,CASH,53.29999924,129.9900055,0,0.409999996,1,404742.0807,404742.0807,165957.0096,404742.0807,5/28/2022
TK88927,CASH,28.12000084,224.9900055,0.25,0.129999995,1,934029.7615,700537.8807,87555.55942,934029.7615,6/3/2022
CR160544,CASH,33.59000015,79.98000336,0,0.419999987,2,249028.9377,249028.9377,104587.1681,124514.4688,7/26/2023
CR160544,CASH,15.65999985,87,0.129999995,0.180000007,2,311364,270886.68,48759.60193,155682,7/26/2023
TK81690,CASH,26,100,0,0.25999999,2,311364,311364,80954.64,155682,4/21/2022
CR160544,CASH,69.70999908,248.9799957,0.170000002,0.280000001,3,933998.5945,775234.0738,217051.8415,311332.8569,7/26/2023
TK81690,CASH,24.19000053,115.1699982,0.039999999,0.209999993,3,373543.3945,358597.9132,75318.95325,124514.4688,4/21/2022
TK88927,CASH,17.82999992,61.47999954,0.180000007,0.289999992,3,233429.5946,191426.5858,55516.20095,77809.86288,6/3/2022
CR160544,CASH,-83.3199997,383.9599915,0.039999999,-0.219999999,4,1245331.428,1195513.188,-259428.4839,311332.8569,7/26/2023
MC37919,CASH,83.79000092,232.7599945,0.029999999,0.360000014,4,747149.0753,724730.8293,260891.8985,186787.2688,8/10/2021
TK87796,CASH,75.12000275,240,0.039999999,0.310000002,5,778410,747273.6,233896.6454,155682,5/28/2022
CR174328,CASH,17.79999924,222.5299988,0.119999997,0.079999998,1,787377.2985,692878.3055,55422.78963,787377.2985,11/2/2023
CR159390,CASH,56.61999893,128.6900024,0.01,0.439999998,1,404742.0807,400694.3391,176294.2935,404742.0807,7/19/2023
TK57445,CASH,5.710000038,27.19000053,0.150000006,0.209999993,1,99605.34288,84659.87325,17778.88452,99605.34288,12/1/2021
TK57445,CASH,23.22999954,263.980011,0.119999997,0.090000004,1,934029.7615,821938.7215,72329.85577,934029.7615,12/1/2021
TK57445,CASH,5.860000134,93,0.07,0.059999999,2,311364,289568.52,18245.93082,155682,12/1/2021
CR159390,CASH,49.88000107,142.5,0.050000001,0.349999994,3,467046,443693.7,155308.3665,155682,7/19/2023
TK57445,CASH,17.45999908,174.5700073,0.029999999,0.100000001,3,560361.7945,543548.1575,54364.15154,186787.2688,12/1/2021
CR159390,CASH,-587.9000244,239.9600067,0,-2.450000048,4,747149.0753,747149.0753,-1830509.032,186787.2688,7/19/2023
CR159390,CASH,43.65999985,166,0.170000002,0.25999999,4,622728,516864.24,135941.5219,155682,7/19/2023
CR159390,CASH,-6.449999809,149.9600067,0.25,-0.039999999,5,622572.3083,466921.4753,-20082.97741,124514.4688,7/19/2023
TK121346,CASH,45.11999893,95.98999786,0.039999999,0.469999999,1,311332.8569,298878.2969,140487.4335,311332.8569,12/9/2022
MC165909,CASH,32.63999939,120.8899994,0.07,0.270000011,1,404742.0807,376407.9377,101629.2077,404742.0807,8/26/2023
TK50712,CASH,46.56000137,97,0.029999999,0.479999989,2,311364,302023.08,144971.0827,155682,10/24/2021
TK121346,CASH,38.84000015,149.3800049,0.170000002,0.25999999,3,560361.7945,465115.5585,120933.7781,186787.2688,12/9/2022
TK82689,CASH,-12.98999977,147.5800018,0.180000007,-0.090000004,3,560361.7945,459510.9968,-40446.18288,186787.2688,4/27/2022
MC165909,CASH,165.8699951,345.5599976,0.039999999,0.479999989,4,1120785.828,1075949.431,516459.4515,280196.4569,8/26/2023
MC5407,CASH,77.98999786,239.9600067,0,0.330000013,4,747149.0753,747149.0753,242832.7769,186787.2688,2/1/2021
TK82689,CASH,20.87999916,208.7700043,0.129999995,0.100000001,4,747149.0753,650034.6362,65012.80058,186787.2688,4/27/2022
TK45728,CASH,99.87999725,212.5,0.150000006,0.469999999,5,778410,661648.5,310990.3546,155682,9/25/2021
MC5407,CASH,81.68000031,225,0.100000001,0.360000014,5,778410,700569,254322.1162,155682,2/1/2021
TK115729,CASH,-79.66000366,293.9500122,0.02,-0.270000011,5,933936.356,915254.516,-248032.5738,186787.2688,11/6/2022
MC166992,PAYMENT,-3.24000001,248.9799957,0.170000002,-0.01,1,934029.7615,775234.0738,-10088.19363,934029.7615,9/2/2023
MC32808,PAYMENT,96.27999878,331.980011,0.170000002,0.289999992,1,1245393.761,1033666.241,299781.2554,1245393.761,7/11/2021
MC32808,PAYMENT,147.5899963,327.980011,0.180000007,0.449999988,1,1245393.761,1021211.681,459542.1161,1245393.761,7/11/2021
CR19758,PAYMENT,41.74000168,123.4899979,0.050000001,0.340000004,1,404742.0807,384503.3971,129963.3388,404742.0807,4/26/2021
CR19758,PAYMENT,63.90000153,299.9899902,0.25,0.209999993,1,1245393.761,934060.8331,198961.6008,1245393.761,4/26/2021
CR7094,PAYMENT,48.40999985,127.3899994,0.02,0.379999995,1,404742.0807,396646.5977,150731.3119,404742.0807,2/11/2021
TK128660,PAYMENT,26.01000023,113.0899963,0.129999995,0.230000004,1,404742.0807,352121.5361,80985.77712,404742.0807,1/21/2023
CR7094,PAYMENT,16.62999916,49.18999863,0.180000007,0.340000004,1,186787.2688,153159.9473,51779.83058,186787.2688,2/11/2021
CR133467,PAYMENT,-70.5,299.980011,0,-0.239999995,1,934029.7615,934029.7615,-219511.62,934029.7615,2/18/2023
CR133467,PAYMENT,49.59999847,296.980011,0.01,0.170000002,1,934029.7615,924688.8415,154436.5392,934029.7615,2/18/2023
CR24868,PAYMENT,117.5899963,391.980011,0.02,0.300000012,1,1245393.761,1220484.641,366132.9161,1245393.761,5/26/2021
MC21247,PAYMENT,113.6699982,391.980011,0.02,0.289999992,1,1245393.761,1220484.641,353927.4532,1245393.761,5/5/2021
TK62445,PAYMENT,2.940000057,58.79000092,0.02,0.050000001,1,186787.2688,183050.8985,9154.101777,186787.2688,12/30/2021
TK62445,PAYMENT,33.84999847,120.8899994,0.07,0.280000001,1,404742.0807,376407.9377,105396.7092,404742.0807,12/30/2021
TK62445,PAYMENT,120.5299988,245.9799957,0.180000007,0.49000001,1,934029.7615,765893.1538,375287.0255,934029.7615,12/30/2021
TK72021,PAYMENT,-15.92000008,127.3899994,0.02,-0.129999995,1,404742.0807,396646.5977,-49569.14905,404742.0807,2/25/2022
TK61128,PAYMENT,28.72999954,110.4899979,0.150000006,0.25999999,1,404742.0807,344026.0771,89454.87577,404742.0807,12/23/2021
TK61128,PAYMENT,17.79999924,109.1900024,0.159999996,0.159999996,1,404742.0807,339978.3591,55422.78963,404742.0807,12/23/2021
TK75762,PAYMENT,52.22999954,106.5899963,0.180000007,0.49000001,1,404742.0807,331882.8761,162625.4158,404742.0807,3/18/2022
TK66687,PAYMENT,16.62999916,37.79000092,0.059999999,0.439999998,1,124514.4688,117664.4585,51779.83058,124514.4688,1/24/2022
TK51561,PAYMENT,89.98999786,299.980011,0,0.300000012,1,934029.7615,934029.7615,280196.4569,934029.7615,10/29/2021
TK61128,PAYMENT,132.2899933,377.980011,0.059999999,0.349999994,1,1245393.761,1176893.681,411903.4147,1245393.761,12/23/2021
TK51561,PAYMENT,-33.25999832,377.980011,0.059999999,-0.090000004,1,1245393.761,1176893.681,-103559.6612,1245393.761,10/29/2021
TK51561,PAYMENT,23.43000031,371.980011,0.07,0.059999999,1,1245393.761,1158211.841,72952.58617,1245393.761,10/29/2021
TK61128,PAYMENT,84.65000153,248.9799957,0.170000002,0.340000004,1,934029.7615,775234.0738,263569.6308,934029.7615,12/23/2021
TK89644,PAYMENT,61.77000046,128.6900024,0.01,0.479999989,1,404742.0807,400694.3391,192329.5442,404742.0807,6/7/2022
TK89644,PAYMENT,58.59999847,127.3899994,0.02,0.460000008,1,404742.0807,396646.5977,182459.2992,404742.0807,6/7/2022
MC157266,PAYMENT,30.87999916,95,0.050000001,0.330000013,2,311364,295795.8,96149.20058,155682,7/7/2023
CR7094,PAYMENT,21.29000092,62.97999954,0.100000001,0.340000004,2,217892.5377,196097.0458,66289.39846,108946.2688,2/11/2021
CR24949,PAYMENT,26.78000069,92.34999847,0.159999996,0.289999992,2,342313.5891,287544.6492,83383.28135,171156.7946,5/26/2021
TK122319,PAYMENT,7.420000076,59.36999893,0.01,0.129999995,3,186724.9946,184856.8035,23103.20904,62241.66288,12/15/2022
MC32808,PAYMENT,81.95999908,178.1699982,0.01,0.460000008,3,560361.7945,554757.2332,255193.9315,186787.2688,7/11/2021
MC32808,PAYMENT,84.66000366,176.3699951,0.02,0.479999989,3,560361.7945,549152.6715,263600.7738,186787.2688,7/11/2021
MC166992,PAYMENT,14.72999954,167.3699951,0.07,0.090000004,3,560361.7945,521129.9115,45863.91577,186787.2688,9/2/2023
CR6997,PAYMENT,42.33000183,151.1699982,0.159999996,0.280000001,3,560361.7945,470688.9532,131800.3869,186787.2688,2/10/2021
CR6997,PAYMENT,28.0699997,107.9700012,0.100000001,0.25999999,3,373543.3945,336179.7145,87399.87387,124514.4688,2/10/2021
MC21247,PAYMENT,33.75,135,0.100000001,0.25,3,467046,420341.4,105085.35,155682,5/5/2021
MC137579,PAYMENT,7.139999866,101.9700012,0.150000006,0.07,3,373543.3945,317497.8745,22231.38918,124514.4688,3/13/2023
TK75762,PAYMENT,34.99000168,147,0.02,0.239999995,3,467046,457705.08,108946.2688,155682,3/18/2022
TK122319,PAYMENT,-335.9400024,191.9700012,0.200000003,-1.75,4,747149.0753,597725.4745,-1045996.229,186787.2688,12/15/2022
TK116189,PAYMENT,58.45000076,201.5700073,0.159999996,0.289999992,4,747149.0753,627616.4375,181992.2604,186787.2688,11/9/2022
MC157266,PAYMENT,70.55000305,201.5700073,0.159999996,0.349999994,4,747149.0753,627616.4375,219667.3115,186787.2688,7/7/2023
MC11672,PAYMENT,82.30999756,235.1600037,0.02,0.349999994,4,747149.0753,732203.5939,256283.7008,186787.2688,3/9/2021
MC137579,PAYMENT,154.1399994,327.9700012,0.180000007,0.469999999,4,1245331.428,1021180.515,479936.4677,311332.8569,3/13/2023
TK51561,PAYMENT,-9.090000153,127.9700012,0.200000003,-0.07,4,498057.8753,398452.5145,-28302.98808,124514.4688,10/29/2021
TK89644,PAYMENT,68.87000275,196.7700043,0.180000007,0.349999994,4,747149.0753,612670.9562,214436.3954,186787.2688,6/7/2022
MC29946,PAYMENT,85.73999786,489.9500122,0.02,0.180000007,5,1556664.356,1525527.956,266963.4869,311332.8569,6/24/2021
CR133467,PAYMENT,114.5199966,248.9600067,0.170000002,0.460000008,5,933936.356,775171.8353,356574.0422,186787.2688,2/18/2023
TK61128,PAYMENT,77.19000244,237.5,0.050000001,0.330000013,5,778410,739489.5,240341.8792,155682,12/23/2021
MC174298,PAYMENT,31.55999947,242.7599945,0.039999999,0.129999995,1,787377.2985,755867.2293,98266.47675,787377.2985,11/2/2023
MC40946,PAYMENT,13.68999958,45.63000107,0.170000002,0.300000012,1,171156.7946,142075.3965,42625.73029,171156.7946,8/28/2021
MC149906,PAYMENT,56.11000061,165.9900055,0.170000002,0.340000004,1,622696.8807,516833.1207,174706.3423,622696.8807,5/24/2023
MC179000,PAYMENT,24.80999947,70.90000153,0.159999996,0.349999994,1,262791.2208,220757.0808,77249.40675,262791.2208,1/9/2024
TK58702,PAYMENT,159.3500061,331.980011,0.170000002,0.479999989,1,1245393.761,1033666.241,496158.553,1245393.761,12/9/2021
TK51503,PAYMENT,75.44000244,327.980011,0.180000007,0.230000004,1,1245393.761,1021211.681,234893.0092,1245393.761,10/28/2021
TK86748,PAYMENT,39,129.9900055,0,0.300000012,1,404742.0807,404742.0807,121431.96,404742.0807,5/22/2022
CR131628,DEBIT,34.04000092,126.0899963,0.029999999,0.270000011,1,404742.0807,392598.8561,105988.3085,404742.0807,2/7/2023
TK128918,DEBIT,14.86999989,47.5,0.050000001,0.310000002,1,155682,147897.9,46299.82646,155682,1/23/2023
CR30821,DEBIT,-20.34000015,179.9799957,0.100000001,-0.109999999,2,622665.7138,560392.9138,-63331.43807,311332.8569,6/30/2021
TK68118,DEBIT,47.02999878,95.98000336,0.200000003,0.49000001,2,373574.5378,298847.1777,146434.4854,186787.2688,2/1/2022
MC168013,CASH,45.5,129.9900055,0,0.349999994,1,404742.0807,404742.0807,141670.62,404742.0807,9/8/2023
CR35091,CASH,36.18999863,124.7900009,0.039999999,0.289999992,1,404742.0807,388551.1384,112682.6273,404742.0807,7/24/2021
MC32840,CASH,58.04000092,123.4899979,0.050000001,0.469999999,1,404742.0807,384503.3971,180715.6685,404742.0807,7/11/2021
CR35091,CASH,33.34000015,123.4899979,0.050000001,0.270000011,1,404742.0807,384503.3971,103808.7581,404742.0807,7/24/2021
MC39032,CASH,-175.4900055,116.9899979,0.100000001,-1.5,1,404742.0807,364264.7371,-546412.7007,404742.0807,8/16/2021
